<?xml version="1.0" encoding="UTF-8"?><collection xmlns="http://www.loc.gov/MARC21/slim"><record><leader>00369nam--2200121-i-4500</leader><controlfield tag="001">000047031</controlfield><controlfield tag="002">20161230</controlfield><controlfield tag="005">20161230201046</controlfield><controlfield tag="008">060222s1000------------r-----000-0-eng-d</controlfield><datafield ind1=" " ind2=" " tag="080"><subfield code="a">801.323.1:802.0</subfield></datafield><datafield ind1=" " ind2=" " tag="245"><subfield code="a">Webster`s new international dictionary of the english language. 2nd edition unabridged</subfield></datafield><datafield ind1=" " ind2=" " tag="260"><subfield code="a">London, G.Bell &amp; Sons, Ltd., 1945, Cxxxvi+3194p</subfield></datafield><datafield ind1=" " ind2=" " tag="852"><subfield code="a">D.10</subfield></datafield></record></collection>